<record><leader>00000cas a2200000 a 4500</leader><controlfield tag="001">26146449</controlfield><controlfield tag="008">920708c19669999caubx n       0   a0eng d</controlfield><datafield ind1=" " ind2=" " tag="010"><subfield code="a">sn 95004767 </subfield></datafield><datafield ind1=" " ind2=" " tag="040"><subfield code="a">VXM</subfield><subfield code="b">eng</subfield><subfield code="c">VXM</subfield><subfield code="d">NSD</subfield><subfield code="d">OCLCQ</subfield><subfield code="d">OCLCO</subfield></datafield><datafield ind1=" " ind2=" " tag="012"><subfield code="m">1</subfield></datafield><datafield ind1="1" ind2=" " tag="022"><subfield code="a">1082-2968</subfield><subfield code="l">1082-2968</subfield><subfield code="2">1</subfield></datafield><datafield ind1="1" ind2=" " tag="029"><subfield code="a">AU@</subfield><subfield code="b">000025355097</subfield></datafield><datafield ind1=" " ind2=" " tag="032"><subfield code="a">860740</subfield><subfield code="b">USPS</subfield></datafield><datafield ind1=" " ind2=" " tag="037"><subfield code="b">San Joaquin Star, 4159 E. Dakota Ave., Fresno, CA 93726</subfield></datafield><datafield ind1=" " ind2=" " tag="042"><subfield code="a">nsdp</subfield><subfield code="a">msc</subfield></datafield><datafield ind1=" " ind2=" " tag="043"><subfield code="a">n-us-ca</subfield></datafield><datafield ind1=" " ind2=" " tag="090"><subfield code="a">BX5918.S25</subfield><subfield code="b">A2</subfield></datafield><datafield ind1=" " ind2="4" tag="222"><subfield code="a">The San Joaquin star</subfield></datafield><datafield ind1="0" ind2="4" tag="245"><subfield code="a">The San Joaquin star :</subfield><subfield code="b">the official newspaper of the Episcopal Diocese of San Joaquin.</subfield></datafield><datafield ind1="3" ind2="0" tag="246"><subfield code="a">Star</subfield></datafield><datafield ind1=" " ind2=" " tag="260"><subfield code="a">Fresno, CA :</subfield><subfield code="b">The Diocese</subfield></datafield><datafield ind1=" " ind2=" " tag="300"><subfield code="a">v. :</subfield><subfield code="b">ill., ports. ;</subfield><subfield code="c">44 cm.</subfield></datafield><datafield ind1=" " ind2=" " tag="310"><subfield code="a">6 no. a year,</subfield><subfield code="b">&lt;Jan. 1995-&gt;</subfield></datafield><datafield ind1=" " ind2=" " tag="321"><subfield code="a">Monthly (except July and Aug.),</subfield><subfield code="b">-1988</subfield></datafield><datafield ind1=" " ind2=" " tag="321"><subfield code="a">Monthly (except July),</subfield><subfield code="b">1989-</subfield></datafield><datafield ind1="1" ind2=" " tag="362"><subfield code="a">Began in 1966.</subfield></datafield><datafield ind1=" " ind2=" " tag="588"><subfield code="a">Description based on: Vol. 32, no. 1 (Jan. 1995).</subfield></datafield><datafield ind1="2" ind2="0" tag="610"><subfield code="a">Episcopal Church.</subfield><subfield code="b">Diocese of San Joaquin</subfield><subfield code="v">Periodicals.</subfield></datafield><datafield ind1="2" ind2="0" tag="610"><subfield code="a">Episcopal Church</subfield><subfield code="z">California</subfield><subfield code="v">Periodicals.</subfield></datafield><datafield ind1=" " ind2="0" tag="650"><subfield code="a">Episcopalians</subfield><subfield code="z">California</subfield><subfield code="v">Periodicals.</subfield></datafield><datafield ind1=" " ind2="0" tag="650"><subfield code="a">Anglican Communion</subfield><subfield code="z">California</subfield><subfield code="v">Periodicals.</subfield></datafield><datafield ind1=" " ind2="0" tag="651"><subfield code="a">California</subfield><subfield code="x">Church history</subfield><subfield code="v">Sources.</subfield></datafield><datafield ind1="2" ind2=" " tag="710"><subfield code="a">Episcopal Church.</subfield><subfield code="b">Diocese of San Joaquin.</subfield></datafield></record>